@article{lanctot2003distinguishing,
  author = {J. Kevin Lanctot and Ming Lia and Bin Mab and Shaojiu Wangc and Louxin Zhang},
  title = {Distinguishing string selection problems},
  journal = {Information and Computation},
  year = {2003},
  volume = {185},
  pages = {41--55},
  url = {http://www.sciencedirect.com/science/article/pii/S0890540103000579},
  doi = {10.1016/S0890-5401(03)00057-9}
}
