../pinot2015presenter.bib